

# -----
# |A-E|
# -----

# UCL net2net architecture search
#### efficient_architecture_search_net2net
@article{eas1,
  title={Reinforcement learning for architecture search by network transformation},
  author={Cai, Han and Chen, Tianyao and Zhang, Weinan and Yu, Yong and Wang, Jun},
  journal={arXiv preprint arXiv:1707.04873},
  year={2017}
}

# net2net
@article{net2net,
  title={Net2net: Accelerating learning via knowledge transfer},
  author={Chen, Tianqi and Goodfellow, Ian and Shlens, Jonathon},
  journal={arXiv preprint arXiv:1511.05641},
  year={2015}
}

@inproceedings{imagenet,
  title={Imagenet: A large-scale hierarchical image database},
  author={Deng, Jia and Dong, Wei and Socher, Richard and Li, Li-Jia and Li, Kai and Fei-Fei, Li},
  booktitle={Computer Vision and Pattern Recognition, 2009. CVPR 2009. IEEE Conference on},
  pages={248--255},
  year={2009},
  organization={IEEE}
}



# -----
# |F-J|
# -----

# cascade correlation networks
@inproceedings{ne3,
  title={The cascade-correlation learning architecture},
  author={Fahlman, Scott E and Lebiere, Christian},
  booktitle={Advances in neural information processing systems},
  pages={524--532},
  year={1990}
}

# conv transfer
@article{transfer1, 
  title={Knowledge transfer in deep convolutional neural nets},
  author={Gutstein, Steven and Fuentes, Olac and Freudenthal, Eric},
  journal={International Journal on Artificial Intelligence Tools},
  volume={17},
  number={03},
  pages={555--567},
  year={2008},
  publisher={World Scientific}
}

@inproceedings{resnet1,
  title={Deep residual learning for image recognition},
  author={He, Kaiming and Zhang, Xiangyu and Ren, Shaoqing and Sun, Jian},
  booktitle={Proceedings of the IEEE conference on computer vision and pattern recognition},
  pages={770--778},
  year={2016}
}

@inproceedings{resnet2,
  title={Identity mappings in deep residual networks},
  author={He, Kaiming and Zhang, Xiangyu and Ren, Shaoqing and Sun, Jian},
  booktitle={European Conference on Computer Vision},
  pages={630--645},
  year={2016},
  organization={Springer}
}

@article{rainbow,
  title={Rainbow: Combining Improvements in Deep Reinforcement Learning},
  author={Hessel, Matteo and Modayil, Joseph and Van Hasselt, Hado and Schaul, Tom and Ostrovski, Georg and Dabney, Will and Horgan, Dan and Piot, Bilal and Azar, Mohammad and Silver, David},
  journal={arXiv preprint arXiv:1710.02298},
  year={2017}
}

@article{classify3,
  title={Squeeze-and-excitation networks},
  author={Hu, Jie and Shen, Li and Sun, Gang},
  journal={arXiv preprint arXiv:1709.01507},
  year={2017}
}

@inproceedings{densenet,
  title={Densely connected convolutional networks},
  author={Huang, Gao and Liu, Zhuang and Weinberger, Kilian Q and van der Maaten, Laurens},
  booktitle={Proceedings of the IEEE conference on computer vision and pattern recognition},
  volume={1},
  number={2},
  pages={3},
  year={2017}
}

# -----
# |K-O|
# -----

@article{retrocontest,
  title={Gotta Learn Fast: A New Benchmark for Generalization in RL},
  author={Nichol, Alex and Pfau, Vicki and Hesse, Christopher and Klimov, Oleg and Schulman, John},
  journal={arXiv preprint arXiv:1804.03720},
  year={2018}
}

# -----
# |P-T|
# -----

# architecture search with parameter sharing
@article{eas2,
  title={Efficient Neural Architecture Search via Parameter Sharing},
  author={Pham, Hieu and Guan, Melody Y and Zoph, Barret and Le, Quoc V and Dean, Jeff},
  journal={arXiv preprint arXiv:1802.03268},
  year={2018}
}

# Neuroevolution architecture search
@article{as2,
  title={Large-scale evolution of image classifiers},
  author={Real, Esteban and Moore, Sherry and Selle, Andrew and Saxena, Saurabh and Suematsu, Yutaka Leon and Le, Quoc and Kurakin, Alex},
  journal={arXiv preprint arXiv:1703.01041},
  year={2017}
}

@inproceedings{classify4,
  title={Dynamic routing between capsules},
  author={Sabour, Sara and Frosst, Nicholas and Hinton, Geoffrey E},
  booktitle={Advances in Neural Information Processing Systems},
  pages={3859--3869},
  year={2017}
}

# proximal policy optimization
@article{PPO,
  title={Proximal policy optimization algorithms},
  author={Schulman, John and Wolski, Filip and Dhariwal, Prafulla and Radford, Alec and Klimov, Oleg},
  journal={arXiv preprint arXiv:1707.06347},
  year={2017}
}

# heirarchical ensemble
@misc{heirarchicalensemble,
  author = {Smolyakov, Vadim},
  title = {Ensemble Learning to Improve Machine Learning Results},
  journal = {},
  type = {Blog},
  number = {August 22},
  year = {2017},
  howpublished = {\url{https://blog.statsbot.co/ensemble-learning-d1dcd548e936}
}

# anbother computationally expensive architecture search
@article{ne1,
  title={Evolving neural networks through augmenting topologies},
  author={Stanley, Kenneth O and Miikkulainen, Risto},
  journal={Evolutionary computation},
  volume={10},
  number={2},
  pages={99--127},
  year={2002},
  publisher={MIT Press}
}

# hyperneat
@article{ne2,
  title={A hypercube-based encoding for evolving large-scale neural networks},
  author={Stanley, Kenneth O and D'Ambrosio, David B and Gauci, Jason},
  journal={Artificial life},
  volume={15},
  number={2},
  pages={185--212},
  year={2009},
  publisher={MIT Press}
}

@inproceedings{inception1,
  title={Going deeper with convolutions},
  author={Szegedy, Christian and Liu, Wei and Jia, Yangqing and Sermanet, Pierre and Reed, Scott and Anguelov, Dragomir and Erhan, Dumitru and Vanhoucke, Vincent and Rabinovich, Andrew and others},
  year={2015},
  organization={Cvpr}
}

@inproceedings{inception2,
  title={Rethinking the inception architecture for computer vision},
  author={Szegedy, Christian and Vanhoucke, Vincent and Ioffe, Sergey and Shlens, Jon and Wojna, Zbigniew},
  booktitle={Proceedings of the IEEE Conference on Computer Vision and Pattern Recognition},
  pages={2818--2826},
  year={2016}
}

@inproceedings{inception3,
  title={Inception-v4, inception-resnet and the impact of residual connections on learning.},
  author={Szegedy, Christian and Ioffe, Sergey and Vanhoucke, Vincent and Alemi, Alexander A},
  booktitle={AAAI},
  volume={4},
  pages={12},
  year={2017}
}

# -----
# |U-Z|
# -----

@article{shimonsarl,
  title={Reinforcement learning State of the Art},
  author={Whiteson, Shimon},
  journal={Adaptation, learning, and optimization},
  volume={12},
  year={2012},
  pages = {325--355}, 
  publisher={Springer}
}

# this is resnext = resnet3
@inproceedings{resnet3,
  title={Aggregated residual transformations for deep neural networks},
  author={Xie, Saining and Girshick, Ross and Doll{\'a}r, Piotr and Tu, Zhuowen and He, Kaiming},
  booktitle={Computer Vision and Pattern Recognition (CVPR), 2017 IEEE Conference on},
  pages={5987--5995},
  year={2017},
  organization={IEEE}
}

@article{classify2,
  title={ShakeDrop regularization},
  author={Yamada, Yoshihiro and Iwamura, Masakazu and Kise, Koichi},
  journal={arXiv preprint arXiv:1802.02375},
  year={2018}
}

@article{classify6,
  title={Random Erasing Data Augmentation},
  author={Zhong, Zhun and Zheng, Liang and Kang, Guoliang and Li, Shaozi and Yang, Yi},
  journal={arXiv preprint arXiv:1708.04896},
  year={2017}
}

# THIS = classify1
#### architecture_search_image_classification
@article{as1, 
  title={Learning transferable architectures for scalable image recognition},
  author={Zoph, Barret and Vasudevan, Vijay and Shlens, Jonathon and Le, Quoc V},
  journal={arXiv preprint arXiv:1707.07012},
  year={2017}
}

#### architecture_search_rl
@article{as3,
  title={Neural architecture search with reinforcement learning},
  author={Zoph, Barret and Le, Quoc V},
  journal={arXiv preprint arXiv:1611.01578},
  year={2016}
}





# classifyX = classification state of the art

-inception1 - 4 - inception paper